@article{Aubel2000,
author = {Aubel, a. and Boulic, R. and Thalmann, D.},
doi = {10.1109/76.825720},
file = {:home/garoe/Documents/Mendeley/Aubel, Boulic, Thalmann - 2000 - Real-time display of virtual humans levels of details and impostors.pdf:pdf},
issn = {10518215},
journal = {IEEE Transactions on Circuits and Systems for Video Technology},
month = mar,
number = {2},
pages = {207--217},
title = {{Real-time display of virtual humans: levels of details and impostors}},
url = {http://ieeexplore.ieee.org/lpdocs/epic03/wrapper.htm?arnumber=825720},
volume = {10},
year = {2000}
}
@article{Aubel1999,
author = {Aubel, Amaury and Boulic, Ronan and Thalmann, Daniel},
file = {:home/garoe/Documents/Mendeley/Aubel, Boulic, Thalmann - 1999 - Lowering the cost of virtual human rendering with structured animated impostors.pdf:pdf},
journal = {Proceedings of WSCG},
keywords = {image-based rendering,impostors,lod,sprites,virtual humans},
title = {{Lowering the cost of virtual human rendering with structured animated impostors}},
url = {http://scholar.google.com/scholar?hl=en\&btnG=Search\&q=intitle:Lowering+the+Cost+of+Virtual+Human+Rendering+With+Structured+Animated+Impostors\#0},
year = {1999}
}
@article{Clark1976,
author = {Clark, James H.},
doi = {10.1145/360349.360354},
file = {:home/garoe/Documents/Mendeley/Clark - 1976 - Hierarchical geometric models for visible surface algorithms.pdf:pdf},
issn = {00010782},
journal = {Communications of the ACM},
keywords = {and phrases,hidden surface algorithms,hierarchical data structures,visible surface algorithms},
month = oct,
number = {10},
pages = {547--554},
title = {{Hierarchical geometric models for visible surface algorithms}},
url = {http://portal.acm.org/citation.cfm?doid=360349.360354},
volume = {19},
year = {1976}
}
@article{Loscos2001,
address = {New York, New York, USA},
author = {Loscos, C\'{e}line and Tecchia, Franco and Chrysanthou, Yiorgos},
doi = {10.1145/505021.505024},
file = {:home/garoe/Documents/Mendeley/Loscos, Tecchia, Chrysanthou - 2001 - Real-time shadows for animated crowds in virtual cities.pdf:pdf},
isbn = {1581134274},
journal = {Proceedings of the ACM symposium on Virtual reality software and technology - VRST '01},
keywords = {dynamic shadows,multi-texturing,pop-,real time rendering,shadow computation,ulated virtual cities},
pages = {85},
publisher = {ACM Press},
title = {{Real-time shadows for animated crowds in virtual cities}},
url = {http://portal.acm.org/citation.cfm?doid=505008.505024},
year = {2001}
}
@article{Maciel1995,
address = {New York, New York, USA},
author = {Maciel, Paulo W. C. and Shirley, Peter},
doi = {10.1145/199404.199420},
file = {:home/garoe/Documents/Mendeley/Maciel, Shirley - 1995 - Visual navigation of large environments using textured clusters.pdf:pdf},
isbn = {0897917367},
journal = {Proceedings of the 1995 symposium on Interactive 3D graphics - SI3D '95},
pages = {95--ff.},
publisher = {ACM Press},
title = {{Visual navigation of large environments using textured clusters}},
url = {http://portal.acm.org/citation.cfm?doid=199404.199420},
year = {1995}
}
@article{Millan2006,
author = {Millan, Erik and Rudomin, I},
file = {:home/garoe/Documents/Mendeley/Millan, Rudomin - 2006 - Impostors and pseudo-instancing for GPU crowd rendering.pdf:pdf},
journal = {Proceedings of the 4th international conference on \ldots},
keywords = {an instancing,at interactive frame rates,crowds,der large animated crowds,gpu,impostors,level of detail,of techniques in order,paper we propose the,technique will be used,to display detailed characters,to ren-,use of a set,while impos-},
number = {212},
pages = {49--56},
title = {{Impostors and pseudo-instancing for GPU crowd rendering}},
url = {http://dl.acm.org/citation.cfm?id=1174436},
volume = {1},
year = {2006}
}
@article{Narain2009,
author = {Narain, Rahul and Golas, Abhinav and Curtis, Sean and Lin, Ming C.},
doi = {10.1145/1618452.1618468},
file = {:home/garoe/Documents/Mendeley/Narain et al. - 2009 - Aggregate dynamics for dense crowd simulation.pdf:pdf},
issn = {07300301},
journal = {ACM Transactions on Graphics},
keywords = {ance,avoid-,continuum,crowds,incompressibility,module requires each agent,nearby neighbors,planning,planning from local collision,problem by separating global,the local collision avoidance,the motion of its,this step,to take into account},
month = dec,
number = {5},
pages = {1},
title = {{Aggregate dynamics for dense crowd simulation}},
url = {http://portal.acm.org/citation.cfm?doid=1618452.1618468},
volume = {28},
year = {2009}
}
@article{Pelechano2007,
author = {Pelechano, N and Allbeck, JM and Badler, NI},
file = {:home/garoe/Documents/Mendeley/Pelechano, Allbeck, Badler - 2007 - Controlling individual agents in high-density crowd simulation.pdf:pdf},
journal = {Proceedings of the 2007 ACM \ldots},
title = {{Controlling individual agents in high-density crowd simulation}},
url = {http://dl.acm.org/citation.cfm?id=1272705},
volume = {1},
year = {2007}
}
@article{Pettre2006,
author = {Pettr\'{e}, Julien and Ciechomski, Pablo De Heras and Ma\"{\i}m, Jonathan and Yersin, Barbara and Laumond, Jean-Paul and Thalmann, Daniel},
doi = {10.1002/cav.147},
file = {:home/garoe/Documents/Mendeley/Pettr\'{e} et al. - 2006 - Real-time navigating crowds scalable simulation and rendering.pdf:pdf},
issn = {1546-4261},
journal = {Computer Animation and Virtual Worlds},
keywords = {crowd rendering,crowd simulation,navigation,real-time crowds},
month = jul,
number = {3-4},
pages = {445--455},
title = {{Real-time navigating crowds: scalable simulation and rendering}},
url = {http://doi.wiley.com/10.1002/cav.147},
volume = {17},
year = {2006}
}
@article{Tecchia2002,
author = {Tecchia, Franco},
file = {:home/garoe/Documents/Mendeley/Tecchia - 2002 - Visualizing Crowds in Real‐Time.pdf:pdf},
journal = {Computer Graphics Forum},
keywords = {3,7 three-dimensional graphics and,acm css,animation,crowd animation,i,image-based rendering,real-time animation,realism},
number = {4},
pages = {753--765},
title = {{Visualizing Crowds in Real‐Time}},
url = {http://onlinelibrary.wiley.com/doi/10.1111/1467-8659.00633/full},
volume = {21},
year = {2002}
}
@article{Toledo2014,
annote = {Cites Aubel},
author = {Toledo, Leonel and {De Gyves}, Oriam and Rudom\'{\i}n, Isaac},
doi = {10.1007/s00371-014-0975-9},
file = {:home/garoe/Documents/Mendeley/Toledo, De Gyves, Rudom\'{\i}n - 2014 - Hierarchical level of detail for varied animated crowds.pdf:pdf},
issn = {0178-2789},
journal = {The Visual Computer},
keywords = {animation,crowd simulation,gpgpu,hierarchical structures},
month = may,
number = {6-8},
pages = {949--961},
title = {{Hierarchical level of detail for varied animated crowds}},
url = {http://link.springer.com/10.1007/s00371-014-0975-9},
volume = {30},
year = {2014}
}
@article{Ulicny2004,
author = {Ulicny, Branislav and Ciechomski, PH and Thalmann, Daniel},
file = {:home/garoe/Documents/Mendeley/Ulicny, Ciechomski, Thalmann - 2004 - Crowdbrush interactive authoring of real-time crowd scenes.pdf:pdf},
journal = {Proceedings of the 2004 ACM \ldots},
pages = {243--252},
title = {{Crowdbrush: interactive authoring of real-time crowd scenes}},
url = {http://dl.acm.org/citation.cfm?id=1028555},
year = {2004}
}
